@ARTICLE{2011ApJ...743...10B,
       author = {{Bordoloi}, R. and {Lilly}, S.~J. and {Knobel}, C. and {Bolzonella}, M. and {Kampczyk}, P. and {Carollo}, C.~M. and {Iovino}, A. and {Zucca}, E. and {Contini}, T. and {Kneib}, J. -P. and {Le Fevre}, O. and {Mainieri}, V. and {Renzini}, A. and {Scodeggio}, M. and {Zamorani}, G. and {Balestra}, I. and {Bardelli}, S. and {Bongiorno}, A. and {Caputi}, K. and {Cucciati}, O. and {de la Torre}, S. and {de Ravel}, L. and {Garilli}, B. and {Kova{\v{c}}}, K. and {Lamareille}, F. and {Le Borgne}, J. -F. and {Le Brun}, V. and {Maier}, C. and {Mignoli}, M. and {Pello}, R. and {Peng}, Y. and {Perez Montero}, E. and {Presotto}, V. and {Scarlata}, C. and {Silverman}, J. and {Tanaka}, M. and {Tasca}, L. and {Tresse}, L. and {Vergani}, D. and {Barnes}, L. and {Cappi}, A. and {Cimatti}, A. and {Coppa}, G. and {Diener}, C. and {Franzetti}, P. and {Koekemoer}, A. and {L{\'o}pez-Sanjuan}, C. and {McCracken}, H.~J. and {Moresco}, M. and {Nair}, P. and {Oesch}, P. and {Pozzetti}, L. and {Welikala}, N.},
        title = "{The Radial and Azimuthal Profiles of Mg II Absorption around 0.5 < z < 0.9 zCOSMOS Galaxies of Different Colors, Masses, and Environments}",
      journal = {\apj},
     keywords = {galaxies: evolution, galaxies: groups: general, galaxies: high-redshift, intergalactic medium, ISM: jets and outflows, quasars: absorption lines, Astrophysics - Cosmology and Nongalactic Astrophysics},
         year = 2011,
        month = dec,
       volume = {743},
       number = {1},
          eid = {10},
        pages = {10},
          doi = {10.1088/0004-637X/743/1/10},
archivePrefix = {arXiv},
       eprint = {1106.0616},
 primaryClass = {astro-ph.CO},
       adsurl = {https://ui.adsabs.harvard.edu/abs/2011ApJ...743...10B},
      adsnote = {Provided by the SAO/NASA Astrophysics Data System}
}

@ARTICLE{2012ApJ...760L...7K,
       author = {{Kacprzak}, Glenn G. and {Churchill}, Christopher W. and {Nielsen}, Nikole M.},
        title = "{Tracing Outflows and Accretion: A Bimodal Azimuthal Dependence of Mg II Absorption}",
      journal = {\apjl},
     keywords = {galaxies: halos, intergalactic medium, quasars: absorption lines, Astrophysics - Cosmology and Nongalactic Astrophysics, Astrophysics - Astrophysics of Galaxies},
         year = 2012,
        month = nov,
       volume = {760},
       number = {1},
          eid = {L7},
        pages = {L7},
          doi = {10.1088/2041-8205/760/1/L7},
archivePrefix = {arXiv},
       eprint = {1205.0245},
 primaryClass = {astro-ph.CO},
       adsurl = {https://ui.adsabs.harvard.edu/abs/2012ApJ...760L...7K},
      adsnote = {Provided by the SAO/NASA Astrophysics Data System}
}

@ARTICLE{2012ApJ...760..127M,
       author = {{Martin}, Crystal L. and {Shapley}, Alice E. and {Coil}, Alison L. and {Kornei}, Katherine A. and {Bundy}, Kevin and {Weiner}, Benjamin J. and {Noeske}, Kai G. and {Schiminovich}, David},
        title = "{Demographics and Physical Properties of Gas Outflows/Inflows at 0.4 < z < 1.4}",
      journal = {\apj},
     keywords = {galaxies: evolution, galaxies: halos, ISM: structure, quasars: absorption lines, quasars: emission lines, ultraviolet: galaxies, Astrophysics - Cosmology and Nongalactic Astrophysics},
         year = 2012,
        month = dec,
       volume = {760},
       number = {2},
          eid = {127},
        pages = {127},
          doi = {10.1088/0004-637X/760/2/127},
archivePrefix = {arXiv},
       eprint = {1206.5552},
 primaryClass = {astro-ph.CO},
       adsurl = {https://ui.adsabs.harvard.edu/abs/2012ApJ...760..127M},
      adsnote = {Provided by the SAO/NASA Astrophysics Data System}
}
